@book{skiena2018,
  author    = {Steven S. Skiena},
  title     = {Algorithms Illuminated: Part 1 - The Basics},
  year      = {2018},
  publisher = {Cambridge University Press},
  isbn      = {978-1949373009}
}
